@misc{prometheus,
    title={Prometheus.io},
    howpublished={http://prometheus.io/},
    year={2015}
}

@misc{influxdata,
    title={{InfluxData}},
    howpublished={https://influxdata.com/},
    year={2015},
}


@book{mccleary1980applied,
  title={Applied time series analysis for the social sciences},
  author={McCleary, Richard and Hay, Richard A and Meidinger, Erroll E and McDowall, David},
  year={1980},
  publisher={Sage Publications Beverly Hills, CA}
}

@book{lutkepohl2004applied,
  title={Applied time series econometrics},
  author={L{\"u}tkepohl, Helmut and Kr{\"a}tzig, Markus},
  year={2004},
  publisher={Cambridge University Press}
}

@article{sortomme2011optimal,
  title={Optimal charging strategies for unidirectional vehicle-to-grid},
  author={Sortomme, Eric and El-Sharkawi, Mohamed and others},
  journal={Smart Grid, IEEE Transactions on},
  volume={2},
  number={1},
  pages={131--138},
  year={2011},
  publisher={IEEE}
}

@article{carreras2004evidence,
  title={Evidence for self-organized criticality in a time series of electric power system blackouts},
  author={Carreras, Benjamin and Newman, David E and Dobson, Ian and others},
  journal={Circuits and Systems I: Regular Papers, IEEE Transactions on},
  volume={51},
  number={9},
  pages={1733--1740},
  year={2004},
  publisher={IEEE}
}

@article{richardson2008high,
  title={A high-resolution domestic building occupancy model for energy demand simulations},
  author={Richardson, Ian and Thomson, Murray and Infield, David},
  journal={Energy and buildings},
  volume={40},
  number={8},
  pages={1560--1566},
  year={2008},
  publisher={Elsevier}
}

@inproceedings{fontugne2013strip,
  title={Strip, bind, and search: a method for identifying abnormal energy consumption in buildings},
  author={Fontugne, Romain and Ortiz, Jorge and Tremblay, Nicolas and Borgnat, Pierre and Flandrin, Patrick and Fukuda, Kensuke and Culler, David and Esaki, Hiroshi},
  booktitle={Proceedings of the 12th international conference on Information processing in sensor networks},
  pages={129--140},
  year={2013},
  organization={ACM}
}
